%YAML 1.1
%TAG !u! tag:unity3d.com,2011:
--- !u!1 &152187025654976678
GameObject:
  m_ObjectHideFlags: 0
  m_CorrespondingSourceObject: {fileID: 0}
  m_PrefabInstance: {fileID: 0}
  m_PrefabAsset: {fileID: 0}
  serializedVersion: 6
  m_Component:
  - component: {fileID: 4653362597263433837}
  - component: {fileID: 2107992307888809480}
  - component: {fileID: 3024843467576704239}
  - component: {fileID: 4161524841637713351}
  - component: {fileID: -4027782068658133648}
  m_Layer: 0
  m_Name: SmallSas
  m_TagString: Room
  m_Icon: {fileID: 0}
  m_NavMeshLayer: 0
  m_StaticEditorFlags: 0
  m_IsActive: 1
--- !u!4 &4653362597263433837
Transform:
  m_ObjectHideFlags: 0
  m_CorrespondingSourceObject: {fileID: 0}
  m_PrefabInstance: {fileID: 0}
  m_PrefabAsset: {fileID: 0}
  m_GameObject: {fileID: 152187025654976678}
  serializedVersion: 2
  m_LocalRotation: {x: 0, y: 0, z: 0, w: 1}
  m_LocalPosition: {x: 0, y: 0, z: 0}
  m_LocalScale: {x: 1, y: 1, z: 1}
  m_ConstrainProportionsScale: 0
  m_Children:
  - {fileID: 4331853756640661668}
  - {fileID: 5433723022918451183}
  - {fileID: 411678744590122266}
  - {fileID: 5983518524652270370}
  - {fileID: 5425962638017110334}
  - {fileID: 8956931663707658139}
  - {fileID: 2776624036819900612}
  m_Father: {fileID: 0}
  m_LocalEulerAnglesHint: {x: 0, y: 0, z: 0}
--- !u!114 &2107992307888809480
MonoBehaviour:
  m_ObjectHideFlags: 0
  m_CorrespondingSourceObject: {fileID: 0}
  m_PrefabInstance: {fileID: 0}
  m_PrefabAsset: {fileID: 0}
  m_GameObject: {fileID: 152187025654976678}
  m_Enabled: 1
  m_EditorHideFlags: 0
  m_Script: {fileID: 11500000, guid: 78e8beece25f419292612cf9d4103f59, type: 3}
  m_Name: 
  m_EditorClassIdentifier: 
  numChunks: {x: 2, y: 1, z: 1}
  moduleBounds: {fileID: 11400000, guid: 2c5c76de21f50154988952c37587e80f, type: 2}
  drawBounds: 1
--- !u!54 &3024843467576704239
Rigidbody:
  m_ObjectHideFlags: 0
  m_CorrespondingSourceObject: {fileID: 0}
  m_PrefabInstance: {fileID: 0}
  m_PrefabAsset: {fileID: 0}
  m_GameObject: {fileID: 152187025654976678}
  serializedVersion: 4
  m_Mass: 1
  m_Drag: 0
  m_AngularDrag: 0.05
  m_CenterOfMass: {x: 0, y: 0, z: 0}
  m_InertiaTensor: {x: 1, y: 1, z: 1}
  m_InertiaRotation: {x: 0, y: 0, z: 0, w: 1}
  m_IncludeLayers:
    serializedVersion: 2
    m_Bits: 0
  m_ExcludeLayers:
    serializedVersion: 2
    m_Bits: 0
  m_ImplicitCom: 1
  m_ImplicitTensor: 1
  m_UseGravity: 0
  m_IsKinematic: 1
  m_Interpolate: 0
  m_Constraints: 126
  m_CollisionDetection: 0
--- !u!65 &4161524841637713351
BoxCollider:
  m_ObjectHideFlags: 0
  m_CorrespondingSourceObject: {fileID: 0}
  m_PrefabInstance: {fileID: 0}
  m_PrefabAsset: {fileID: 0}
  m_GameObject: {fileID: 152187025654976678}
  m_Material: {fileID: 0}
  m_IncludeLayers:
    serializedVersion: 2
    m_Bits: 0
  m_ExcludeLayers:
    serializedVersion: 2
    m_Bits: 0
  m_LayerOverridePriority: 0
  m_IsTrigger: 1
  m_ProvidesContacts: 0
  m_Enabled: 1
  serializedVersion: 3
  m_Size: {x: 8.3658905, y: 1, z: 4.302373}
  m_Center: {x: 3.6829455, y: 0, z: 1.6511862}
--- !u!114 &-4027782068658133648
MonoBehaviour:
  m_ObjectHideFlags: 0
  m_CorrespondingSourceObject: {fileID: 0}
  m_PrefabInstance: {fileID: 0}
  m_PrefabAsset: {fileID: 0}
  m_GameObject: {fileID: 152187025654976678}
  m_Enabled: 1
  m_EditorHideFlags: 0
  m_Script: {fileID: 11500000, guid: bb3e2f685b210e140aadf19fb76385a6, type: 3}
  m_Name: 
  m_EditorClassIdentifier: 
  roomExplored: 0
--- !u!1001 &1907582332730732138
PrefabInstance:
  m_ObjectHideFlags: 0
  serializedVersion: 2
  m_Modification:
    serializedVersion: 3
    m_TransformParent: {fileID: 4653362597263433837}
    m_Modifications:
    - target: {fileID: 1347206553664855028, guid: 734789620a0d1e146a3d53b76ebb8b02, type: 3}
      propertyPath: m_Layer
      value: 11
      objectReference: {fileID: 0}
    - target: {fileID: 3580765966239140038, guid: 734789620a0d1e146a3d53b76ebb8b02, type: 3}
      propertyPath: m_Layer
      value: 11
      objectReference: {fileID: 0}
    - target: {fileID: 4021340357083134192, guid: 734789620a0d1e146a3d53b76ebb8b02, type: 3}
      propertyPath: m_Layer
      value: 11
      objectReference: {fileID: 0}
    - target: {fileID: 5338243857249011921, guid: 734789620a0d1e146a3d53b76ebb8b02, type: 3}
      propertyPath: m_Layer
      value: 11
      objectReference: {fileID: 0}
    - target: {fileID: 5506359258123532519, guid: 734789620a0d1e146a3d53b76ebb8b02, type: 3}
      propertyPath: m_Layer
      value: 11
      objectReference: {fileID: 0}
    - target: {fileID: 5806584584789906840, guid: 734789620a0d1e146a3d53b76ebb8b02, type: 3}
      propertyPath: m_Name
      value: 2wall
      objectReference: {fileID: 0}
    - target: {fileID: 5806584584789906840, guid: 734789620a0d1e146a3d53b76ebb8b02, type: 3}
      propertyPath: m_Layer
      value: 11
      objectReference: {fileID: 0}
    - target: {fileID: 7364636507049015793, guid: 734789620a0d1e146a3d53b76ebb8b02, type: 3}
      propertyPath: m_LocalPosition.x
      value: 6
      objectReference: {fileID: 0}
    - target: {fileID: 7364636507049015793, guid: 734789620a0d1e146a3d53b76ebb8b02, type: 3}
      propertyPath: m_LocalPosition.y
      value: 0
      objectReference: {fileID: 0}
    - target: {fileID: 7364636507049015793, guid: 734789620a0d1e146a3d53b76ebb8b02, type: 3}
      propertyPath: m_LocalPosition.z
      value: 2
      objectReference: {fileID: 0}
    - target: {fileID: 7364636507049015793, guid: 734789620a0d1e146a3d53b76ebb8b02, type: 3}
      propertyPath: m_LocalRotation.w
      value: 0
      objectReference: {fileID: 0}
    - target: {fileID: 7364636507049015793, guid: 734789620a0d1e146a3d53b76ebb8b02, type: 3}
      propertyPath: m_LocalRotation.x
      value: 0
      objectReference: {fileID: 0}
    - target: {fileID: 7364636507049015793, guid: 734789620a0d1e146a3d53b76ebb8b02, type: 3}
      propertyPath: m_LocalRotation.y
      value: 1
      objectReference: {fileID: 0}
    - target: {fileID: 7364636507049015793, guid: 734789620a0d1e146a3d53b76ebb8b02, type: 3}
      propertyPath: m_LocalRotation.z
      value: 0
      objectReference: {fileID: 0}
    - target: {fileID: 7364636507049015793, guid: 734789620a0d1e146a3d53b76ebb8b02, type: 3}
      propertyPath: m_LocalEulerAnglesHint.x
      value: 0
      objectReference: {fileID: 0}
    - target: {fileID: 7364636507049015793, guid: 734789620a0d1e146a3d53b76ebb8b02, type: 3}
      propertyPath: m_LocalEulerAnglesHint.y
      value: 180
      objectReference: {fileID: 0}
    - target: {fileID: 7364636507049015793, guid: 734789620a0d1e146a3d53b76ebb8b02, type: 3}
      propertyPath: m_LocalEulerAnglesHint.z
      value: 0
      objectReference: {fileID: 0}
    - target: {fileID: 7572259704681176035, guid: 734789620a0d1e146a3d53b76ebb8b02, type: 3}
      propertyPath: m_Layer
      value: 11
      objectReference: {fileID: 0}
    m_RemovedComponents: []
    m_RemovedGameObjects:
    - {fileID: 5338243857249011921, guid: 734789620a0d1e146a3d53b76ebb8b02, type: 3}
    - {fileID: 3580765966239140038, guid: 734789620a0d1e146a3d53b76ebb8b02, type: 3}
    m_AddedGameObjects: []
    m_AddedComponents: []
  m_SourcePrefab: {fileID: 100100000, guid: 734789620a0d1e146a3d53b76ebb8b02, type: 3}
--- !u!4 &8956931663707658139 stripped
Transform:
  m_CorrespondingSourceObject: {fileID: 7364636507049015793, guid: 734789620a0d1e146a3d53b76ebb8b02, type: 3}
  m_PrefabInstance: {fileID: 1907582332730732138}
  m_PrefabAsset: {fileID: 0}
--- !u!1001 &2409239700856664963
PrefabInstance:
  m_ObjectHideFlags: 0
  serializedVersion: 2
  m_Modification:
    serializedVersion: 3
    m_TransformParent: {fileID: 4653362597263433837}
    m_Modifications:
    - target: {fileID: 2655370185007632025, guid: e28f8571bef9c1f4e93aca0f8f93d1d4, type: 3}
      propertyPath: m_LocalPosition.x
      value: 8
      objectReference: {fileID: 0}
    - target: {fileID: 2655370185007632025, guid: e28f8571bef9c1f4e93aca0f8f93d1d4, type: 3}
      propertyPath: m_LocalPosition.y
      value: 0
      objectReference: {fileID: 0}
    - target: {fileID: 2655370185007632025, guid: e28f8571bef9c1f4e93aca0f8f93d1d4, type: 3}
      propertyPath: m_LocalPosition.z
      value: 2
      objectReference: {fileID: 0}
    - target: {fileID: 2655370185007632025, guid: e28f8571bef9c1f4e93aca0f8f93d1d4, type: 3}
      propertyPath: m_LocalRotation.w
      value: 0.7071068
      objectReference: {fileID: 0}
    - target: {fileID: 2655370185007632025, guid: e28f8571bef9c1f4e93aca0f8f93d1d4, type: 3}
      propertyPath: m_LocalRotation.x
      value: 0
      objectReference: {fileID: 0}
    - target: {fileID: 2655370185007632025, guid: e28f8571bef9c1f4e93aca0f8f93d1d4, type: 3}
      propertyPath: m_LocalRotation.y
      value: 0.7071068
      objectReference: {fileID: 0}
    - target: {fileID: 2655370185007632025, guid: e28f8571bef9c1f4e93aca0f8f93d1d4, type: 3}
      propertyPath: m_LocalRotation.z
      value: 0
      objectReference: {fileID: 0}
    - target: {fileID: 2655370185007632025, guid: e28f8571bef9c1f4e93aca0f8f93d1d4, type: 3}
      propertyPath: m_LocalEulerAnglesHint.x
      value: 0
      objectReference: {fileID: 0}
    - target: {fileID: 2655370185007632025, guid: e28f8571bef9c1f4e93aca0f8f93d1d4, type: 3}
      propertyPath: m_LocalEulerAnglesHint.y
      value: 90
      objectReference: {fileID: 0}
    - target: {fileID: 2655370185007632025, guid: e28f8571bef9c1f4e93aca0f8f93d1d4, type: 3}
      propertyPath: m_LocalEulerAnglesHint.z
      value: 0
      objectReference: {fileID: 0}
    - target: {fileID: 5379390439277719020, guid: e28f8571bef9c1f4e93aca0f8f93d1d4, type: 3}
      propertyPath: m_Layer
      value: 11
      objectReference: {fileID: 0}
    - target: {fileID: 6324192063402799912, guid: e28f8571bef9c1f4e93aca0f8f93d1d4, type: 3}
      propertyPath: m_Layer
      value: 11
      objectReference: {fileID: 0}
    - target: {fileID: 6372124328653988827, guid: e28f8571bef9c1f4e93aca0f8f93d1d4, type: 3}
      propertyPath: m_Name
      value: SnapConnection (2)
      objectReference: {fileID: 0}
    - target: {fileID: 7225349420837582247, guid: e28f8571bef9c1f4e93aca0f8f93d1d4, type: 3}
      propertyPath: m_Layer
      value: 11
      objectReference: {fileID: 0}
    m_RemovedComponents: []
    m_RemovedGameObjects:
    - {fileID: 5379390439277719020, guid: e28f8571bef9c1f4e93aca0f8f93d1d4, type: 3}
    m_AddedGameObjects: []
    m_AddedComponents: []
  m_SourcePrefab: {fileID: 100100000, guid: e28f8571bef9c1f4e93aca0f8f93d1d4, type: 3}
--- !u!4 &411678744590122266 stripped
Transform:
  m_CorrespondingSourceObject: {fileID: 2655370185007632025, guid: e28f8571bef9c1f4e93aca0f8f93d1d4, type: 3}
  m_PrefabInstance: {fileID: 2409239700856664963}
  m_PrefabAsset: {fileID: 0}
--- !u!1001 &2879231252008797058
PrefabInstance:
  m_ObjectHideFlags: 0
  serializedVersion: 2
  m_Modification:
    serializedVersion: 3
    m_TransformParent: {fileID: 4653362597263433837}
    m_Modifications:
    - target: {fileID: 7834558923141725852, guid: f7ee056739a9364429fc1fddb38c1bfc, type: 3}
      propertyPath: m_Name
      value: Pixel_box_02
      objectReference: {fileID: 0}
    - target: {fileID: 7834558923141882556, guid: f7ee056739a9364429fc1fddb38c1bfc, type: 3}
      propertyPath: m_LocalPosition.x
      value: 3
      objectReference: {fileID: 0}
    - target: {fileID: 7834558923141882556, guid: f7ee056739a9364429fc1fddb38c1bfc, type: 3}
      propertyPath: m_LocalPosition.y
      value: 0
      objectReference: {fileID: 0}
    - target: {fileID: 7834558923141882556, guid: f7ee056739a9364429fc1fddb38c1bfc, type: 3}
      propertyPath: m_LocalPosition.z
      value: 3
      objectReference: {fileID: 0}
    - target: {fileID: 7834558923141882556, guid: f7ee056739a9364429fc1fddb38c1bfc, type: 3}
      propertyPath: m_LocalRotation.w
      value: 0
      objectReference: {fileID: 0}
    - target: {fileID: 7834558923141882556, guid: f7ee056739a9364429fc1fddb38c1bfc, type: 3}
      propertyPath: m_LocalRotation.x
      value: 0
      objectReference: {fileID: 0}
    - target: {fileID: 7834558923141882556, guid: f7ee056739a9364429fc1fddb38c1bfc, type: 3}
      propertyPath: m_LocalRotation.y
      value: 1
      objectReference: {fileID: 0}
    - target: {fileID: 7834558923141882556, guid: f7ee056739a9364429fc1fddb38c1bfc, type: 3}
      propertyPath: m_LocalRotation.z
      value: 0
      objectReference: {fileID: 0}
    - target: {fileID: 7834558923141882556, guid: f7ee056739a9364429fc1fddb38c1bfc, type: 3}
      propertyPath: m_LocalEulerAnglesHint.x
      value: 0
      objectReference: {fileID: 0}
    - target: {fileID: 7834558923141882556, guid: f7ee056739a9364429fc1fddb38c1bfc, type: 3}
      propertyPath: m_LocalEulerAnglesHint.y
      value: 180
      objectReference: {fileID: 0}
    - target: {fileID: 7834558923141882556, guid: f7ee056739a9364429fc1fddb38c1bfc, type: 3}
      propertyPath: m_LocalEulerAnglesHint.z
      value: 0
      objectReference: {fileID: 0}
    m_RemovedComponents: []
    m_RemovedGameObjects: []
    m_AddedGameObjects: []
    m_AddedComponents: []
  m_SourcePrefab: {fileID: 100100000, guid: f7ee056739a9364429fc1fddb38c1bfc, type: 3}
--- !u!4 &5425962638017110334 stripped
Transform:
  m_CorrespondingSourceObject: {fileID: 7834558923141882556, guid: f7ee056739a9364429fc1fddb38c1bfc, type: 3}
  m_PrefabInstance: {fileID: 2879231252008797058}
  m_PrefabAsset: {fileID: 0}
--- !u!1001 &4331853756640830316
PrefabInstance:
  m_ObjectHideFlags: 0
  serializedVersion: 2
  m_Modification:
    serializedVersion: 3
    m_TransformParent: {fileID: 4653362597263433837}
    m_Modifications:
    - target: {fileID: 106282, guid: 548a40efc092c6f408cc4d1691b171cc, type: 3}
      propertyPath: m_Name
      value: floor_5 (1)
      objectReference: {fileID: 0}
    - target: {fileID: 106282, guid: 548a40efc092c6f408cc4d1691b171cc, type: 3}
      propertyPath: m_Layer
      value: 7
      objectReference: {fileID: 0}
    - target: {fileID: 439240, guid: 548a40efc092c6f408cc4d1691b171cc, type: 3}
      propertyPath: m_LocalPosition.x
      value: 6
      objectReference: {fileID: 0}
    - target: {fileID: 439240, guid: 548a40efc092c6f408cc4d1691b171cc, type: 3}
      propertyPath: m_LocalPosition.y
      value: 0
      objectReference: {fileID: 0}
    - target: {fileID: 439240, guid: 548a40efc092c6f408cc4d1691b171cc, type: 3}
      propertyPath: m_LocalPosition.z
      value: 2
      objectReference: {fileID: 0}
    - target: {fileID: 439240, guid: 548a40efc092c6f408cc4d1691b171cc, type: 3}
      propertyPath: m_LocalRotation.w
      value: 1
      objectReference: {fileID: 0}
    - target: {fileID: 439240, guid: 548a40efc092c6f408cc4d1691b171cc, type: 3}
      propertyPath: m_LocalRotation.x
      value: -0
      objectReference: {fileID: 0}
    - target: {fileID: 439240, guid: 548a40efc092c6f408cc4d1691b171cc, type: 3}
      propertyPath: m_LocalRotation.y
      value: -0
      objectReference: {fileID: 0}
    - target: {fileID: 439240, guid: 548a40efc092c6f408cc4d1691b171cc, type: 3}
      propertyPath: m_LocalRotation.z
      value: -0
      objectReference: {fileID: 0}
    - target: {fileID: 439240, guid: 548a40efc092c6f408cc4d1691b171cc, type: 3}
      propertyPath: m_LocalEulerAnglesHint.x
      value: 0
      objectReference: {fileID: 0}
    - target: {fileID: 439240, guid: 548a40efc092c6f408cc4d1691b171cc, type: 3}
      propertyPath: m_LocalEulerAnglesHint.y
      value: 0
      objectReference: {fileID: 0}
    - target: {fileID: 439240, guid: 548a40efc092c6f408cc4d1691b171cc, type: 3}
      propertyPath: m_LocalEulerAnglesHint.z
      value: 0
      objectReference: {fileID: 0}
    m_RemovedComponents: []
    m_RemovedGameObjects: []
    m_AddedGameObjects: []
    m_AddedComponents: []
  m_SourcePrefab: {fileID: 100100000, guid: 548a40efc092c6f408cc4d1691b171cc, type: 3}
--- !u!4 &4331853756640661668 stripped
Transform:
  m_CorrespondingSourceObject: {fileID: 439240, guid: 548a40efc092c6f408cc4d1691b171cc, type: 3}
  m_PrefabInstance: {fileID: 4331853756640830316}
  m_PrefabAsset: {fileID: 0}
--- !u!1001 &4664881746510192949
PrefabInstance:
  m_ObjectHideFlags: 0
  serializedVersion: 2
  m_Modification:
    serializedVersion: 3
    m_TransformParent: {fileID: 4653362597263433837}
    m_Modifications:
    - target: {fileID: 1347206553664855028, guid: 734789620a0d1e146a3d53b76ebb8b02, type: 3}
      propertyPath: m_Layer
      value: 11
      objectReference: {fileID: 0}
    - target: {fileID: 3580765966239140038, guid: 734789620a0d1e146a3d53b76ebb8b02, type: 3}
      propertyPath: m_Layer
      value: 11
      objectReference: {fileID: 0}
    - target: {fileID: 4021340357083134192, guid: 734789620a0d1e146a3d53b76ebb8b02, type: 3}
      propertyPath: m_Layer
      value: 11
      objectReference: {fileID: 0}
    - target: {fileID: 5338243857249011921, guid: 734789620a0d1e146a3d53b76ebb8b02, type: 3}
      propertyPath: m_Layer
      value: 11
      objectReference: {fileID: 0}
    - target: {fileID: 5506359258123532519, guid: 734789620a0d1e146a3d53b76ebb8b02, type: 3}
      propertyPath: m_Layer
      value: 11
      objectReference: {fileID: 0}
    - target: {fileID: 5806584584789906840, guid: 734789620a0d1e146a3d53b76ebb8b02, type: 3}
      propertyPath: m_Name
      value: 2wall (1)
      objectReference: {fileID: 0}
    - target: {fileID: 5806584584789906840, guid: 734789620a0d1e146a3d53b76ebb8b02, type: 3}
      propertyPath: m_Layer
      value: 11
      objectReference: {fileID: 0}
    - target: {fileID: 7364636507049015793, guid: 734789620a0d1e146a3d53b76ebb8b02, type: 3}
      propertyPath: m_LocalPosition.x
      value: 2
      objectReference: {fileID: 0}
    - target: {fileID: 7364636507049015793, guid: 734789620a0d1e146a3d53b76ebb8b02, type: 3}
      propertyPath: m_LocalPosition.y
      value: 0
      objectReference: {fileID: 0}
    - target: {fileID: 7364636507049015793, guid: 734789620a0d1e146a3d53b76ebb8b02, type: 3}
      propertyPath: m_LocalPosition.z
      value: 2
      objectReference: {fileID: 0}
    - target: {fileID: 7364636507049015793, guid: 734789620a0d1e146a3d53b76ebb8b02, type: 3}
      propertyPath: m_LocalRotation.w
      value: 1
      objectReference: {fileID: 0}
    - target: {fileID: 7364636507049015793, guid: 734789620a0d1e146a3d53b76ebb8b02, type: 3}
      propertyPath: m_LocalRotation.x
      value: 0
      objectReference: {fileID: 0}
    - target: {fileID: 7364636507049015793, guid: 734789620a0d1e146a3d53b76ebb8b02, type: 3}
      propertyPath: m_LocalRotation.y
      value: 0
      objectReference: {fileID: 0}
    - target: {fileID: 7364636507049015793, guid: 734789620a0d1e146a3d53b76ebb8b02, type: 3}
      propertyPath: m_LocalRotation.z
      value: 0
      objectReference: {fileID: 0}
    - target: {fileID: 7364636507049015793, guid: 734789620a0d1e146a3d53b76ebb8b02, type: 3}
      propertyPath: m_LocalEulerAnglesHint.x
      value: 0
      objectReference: {fileID: 0}
    - target: {fileID: 7364636507049015793, guid: 734789620a0d1e146a3d53b76ebb8b02, type: 3}
      propertyPath: m_LocalEulerAnglesHint.y
      value: 0
      objectReference: {fileID: 0}
    - target: {fileID: 7364636507049015793, guid: 734789620a0d1e146a3d53b76ebb8b02, type: 3}
      propertyPath: m_LocalEulerAnglesHint.z
      value: 0
      objectReference: {fileID: 0}
    - target: {fileID: 7572259704681176035, guid: 734789620a0d1e146a3d53b76ebb8b02, type: 3}
      propertyPath: m_Layer
      value: 11
      objectReference: {fileID: 0}
    m_RemovedComponents: []
    m_RemovedGameObjects:
    - {fileID: 5338243857249011921, guid: 734789620a0d1e146a3d53b76ebb8b02, type: 3}
    - {fileID: 3580765966239140038, guid: 734789620a0d1e146a3d53b76ebb8b02, type: 3}
    m_AddedGameObjects: []
    m_AddedComponents: []
  m_SourcePrefab: {fileID: 100100000, guid: 734789620a0d1e146a3d53b76ebb8b02, type: 3}
--- !u!4 &2776624036819900612 stripped
Transform:
  m_CorrespondingSourceObject: {fileID: 7364636507049015793, guid: 734789620a0d1e146a3d53b76ebb8b02, type: 3}
  m_PrefabInstance: {fileID: 4664881746510192949}
  m_PrefabAsset: {fileID: 0}
--- !u!1001 &5433723022918601767
PrefabInstance:
  m_ObjectHideFlags: 0
  serializedVersion: 2
  m_Modification:
    serializedVersion: 3
    m_TransformParent: {fileID: 4653362597263433837}
    m_Modifications:
    - target: {fileID: 106282, guid: 548a40efc092c6f408cc4d1691b171cc, type: 3}
      propertyPath: m_Name
      value: floor_5
      objectReference: {fileID: 0}
    - target: {fileID: 106282, guid: 548a40efc092c6f408cc4d1691b171cc, type: 3}
      propertyPath: m_Layer
      value: 7
      objectReference: {fileID: 0}
    - target: {fileID: 439240, guid: 548a40efc092c6f408cc4d1691b171cc, type: 3}
      propertyPath: m_LocalPosition.x
      value: 2
      objectReference: {fileID: 0}
    - target: {fileID: 439240, guid: 548a40efc092c6f408cc4d1691b171cc, type: 3}
      propertyPath: m_LocalPosition.y
      value: 0
      objectReference: {fileID: 0}
    - target: {fileID: 439240, guid: 548a40efc092c6f408cc4d1691b171cc, type: 3}
      propertyPath: m_LocalPosition.z
      value: 2
      objectReference: {fileID: 0}
    - target: {fileID: 439240, guid: 548a40efc092c6f408cc4d1691b171cc, type: 3}
      propertyPath: m_LocalRotation.w
      value: 1
      objectReference: {fileID: 0}
    - target: {fileID: 439240, guid: 548a40efc092c6f408cc4d1691b171cc, type: 3}
      propertyPath: m_LocalRotation.x
      value: -0
      objectReference: {fileID: 0}
    - target: {fileID: 439240, guid: 548a40efc092c6f408cc4d1691b171cc, type: 3}
      propertyPath: m_LocalRotation.y
      value: -0
      objectReference: {fileID: 0}
    - target: {fileID: 439240, guid: 548a40efc092c6f408cc4d1691b171cc, type: 3}
      propertyPath: m_LocalRotation.z
      value: -0
      objectReference: {fileID: 0}
    - target: {fileID: 439240, guid: 548a40efc092c6f408cc4d1691b171cc, type: 3}
      propertyPath: m_LocalEulerAnglesHint.x
      value: 0
      objectReference: {fileID: 0}
    - target: {fileID: 439240, guid: 548a40efc092c6f408cc4d1691b171cc, type: 3}
      propertyPath: m_LocalEulerAnglesHint.y
      value: 0
      objectReference: {fileID: 0}
    - target: {fileID: 439240, guid: 548a40efc092c6f408cc4d1691b171cc, type: 3}
      propertyPath: m_LocalEulerAnglesHint.z
      value: 0
      objectReference: {fileID: 0}
    m_RemovedComponents: []
    m_RemovedGameObjects: []
    m_AddedGameObjects: []
    m_AddedComponents: []
  m_SourcePrefab: {fileID: 100100000, guid: 548a40efc092c6f408cc4d1691b171cc, type: 3}
--- !u!4 &5433723022918451183 stripped
Transform:
  m_CorrespondingSourceObject: {fileID: 439240, guid: 548a40efc092c6f408cc4d1691b171cc, type: 3}
  m_PrefabInstance: {fileID: 5433723022918601767}
  m_PrefabAsset: {fileID: 0}
--- !u!1001 &8633540639987154363
PrefabInstance:
  m_ObjectHideFlags: 0
  serializedVersion: 2
  m_Modification:
    serializedVersion: 3
    m_TransformParent: {fileID: 4653362597263433837}
    m_Modifications:
    - target: {fileID: 2655370185007632025, guid: e28f8571bef9c1f4e93aca0f8f93d1d4, type: 3}
      propertyPath: m_LocalPosition.x
      value: 0
      objectReference: {fileID: 0}
    - target: {fileID: 2655370185007632025, guid: e28f8571bef9c1f4e93aca0f8f93d1d4, type: 3}
      propertyPath: m_LocalPosition.y
      value: 0
      objectReference: {fileID: 0}
    - target: {fileID: 2655370185007632025, guid: e28f8571bef9c1f4e93aca0f8f93d1d4, type: 3}
      propertyPath: m_LocalPosition.z
      value: 2
      objectReference: {fileID: 0}
    - target: {fileID: 2655370185007632025, guid: e28f8571bef9c1f4e93aca0f8f93d1d4, type: 3}
      propertyPath: m_LocalRotation.w
      value: 0.7071068
      objectReference: {fileID: 0}
    - target: {fileID: 2655370185007632025, guid: e28f8571bef9c1f4e93aca0f8f93d1d4, type: 3}
      propertyPath: m_LocalRotation.x
      value: 0
      objectReference: {fileID: 0}
    - target: {fileID: 2655370185007632025, guid: e28f8571bef9c1f4e93aca0f8f93d1d4, type: 3}
      propertyPath: m_LocalRotation.y
      value: -0.7071068
      objectReference: {fileID: 0}
    - target: {fileID: 2655370185007632025, guid: e28f8571bef9c1f4e93aca0f8f93d1d4, type: 3}
      propertyPath: m_LocalRotation.z
      value: 0
      objectReference: {fileID: 0}
    - target: {fileID: 2655370185007632025, guid: e28f8571bef9c1f4e93aca0f8f93d1d4, type: 3}
      propertyPath: m_LocalEulerAnglesHint.x
      value: 0
      objectReference: {fileID: 0}
    - target: {fileID: 2655370185007632025, guid: e28f8571bef9c1f4e93aca0f8f93d1d4, type: 3}
      propertyPath: m_LocalEulerAnglesHint.y
      value: -90
      objectReference: {fileID: 0}
    - target: {fileID: 2655370185007632025, guid: e28f8571bef9c1f4e93aca0f8f93d1d4, type: 3}
      propertyPath: m_LocalEulerAnglesHint.z
      value: 0
      objectReference: {fileID: 0}
    - target: {fileID: 5379390439277719020, guid: e28f8571bef9c1f4e93aca0f8f93d1d4, type: 3}
      propertyPath: m_Layer
      value: 11
      objectReference: {fileID: 0}
    - target: {fileID: 6324192063402799912, guid: e28f8571bef9c1f4e93aca0f8f93d1d4, type: 3}
      propertyPath: m_Layer
      value: 11
      objectReference: {fileID: 0}
    - target: {fileID: 6372124328653988827, guid: e28f8571bef9c1f4e93aca0f8f93d1d4, type: 3}
      propertyPath: m_Name
      value: SnapConnection (5)
      objectReference: {fileID: 0}
    - target: {fileID: 7225349420837582247, guid: e28f8571bef9c1f4e93aca0f8f93d1d4, type: 3}
      propertyPath: m_Layer
      value: 11
      objectReference: {fileID: 0}
    m_RemovedComponents: []
    m_RemovedGameObjects:
    - {fileID: 5379390439277719020, guid: e28f8571bef9c1f4e93aca0f8f93d1d4, type: 3}
    m_AddedGameObjects: []
    m_AddedComponents: []
  m_SourcePrefab: {fileID: 100100000, guid: e28f8571bef9c1f4e93aca0f8f93d1d4, type: 3}
--- !u!4 &5983518524652270370 stripped
Transform:
  m_CorrespondingSourceObject: {fileID: 2655370185007632025, guid: e28f8571bef9c1f4e93aca0f8f93d1d4, type: 3}
  m_PrefabInstance: {fileID: 8633540639987154363}
  m_PrefabAsset: {fileID: 0}
