%YAML 1.1
%TAG !u! tag:unity3d.com,2011:
--- !u!1 &1030994770
GameObject:
  m_ObjectHideFlags: 0
  m_CorrespondingSourceObject: {fileID: 0}
  m_PrefabInstance: {fileID: 0}
  m_PrefabAsset: {fileID: 0}
  serializedVersion: 6
  m_Component:
  - component: {fileID: 1030994771}
  m_Layer: 0
  m_Name: P_Pillar_03
  m_TagString: Untagged
  m_Icon: {fileID: 0}
  m_NavMeshLayer: 0
  m_StaticEditorFlags: 2147483647
  m_IsActive: 1
--- !u!4 &1030994771
Transform:
  m_ObjectHideFlags: 0
  m_CorrespondingSourceObject: {fileID: 0}
  m_PrefabInstance: {fileID: 0}
  m_PrefabAsset: {fileID: 0}
  m_GameObject: {fileID: 1030994770}
  m_LocalRotation: {x: 0, y: 0, z: 0, w: 1}
  m_LocalPosition: {x: 0, y: 0, z: 0}
  m_LocalScale: {x: 1, y: 1, z: 1}
  m_ConstrainProportionsScale: 0
  m_Children:
  - {fileID: 5932065985529998940}
  - {fileID: 6411107629732716041}
  m_Father: {fileID: 0}
  m_RootOrder: 0
  m_LocalEulerAnglesHint: {x: 0, y: 0, z: 0}
--- !u!1001 &5932065985530393820
PrefabInstance:
  m_ObjectHideFlags: 0
  serializedVersion: 2
  m_Modification:
    m_TransformParent: {fileID: 1030994771}
    m_Modifications:
    - target: {fileID: 100000, guid: abc00000000001539211666719923022, type: 3}
      propertyPath: m_Name
      value: SM_Pillar_03_Lower
      objectReference: {fileID: 0}
    - target: {fileID: 100000, guid: abc00000000001539211666719923022, type: 3}
      propertyPath: m_StaticEditorFlags
      value: 2147483647
      objectReference: {fileID: 0}
    - target: {fileID: 400000, guid: abc00000000001539211666719923022, type: 3}
      propertyPath: m_RootOrder
      value: 0
      objectReference: {fileID: 0}
    - target: {fileID: 400000, guid: abc00000000001539211666719923022, type: 3}
      propertyPath: m_LocalPosition.x
      value: -0
      objectReference: {fileID: 0}
    - target: {fileID: 400000, guid: abc00000000001539211666719923022, type: 3}
      propertyPath: m_LocalPosition.y
      value: 0
      objectReference: {fileID: 0}
    - target: {fileID: 400000, guid: abc00000000001539211666719923022, type: 3}
      propertyPath: m_LocalPosition.z
      value: 0
      objectReference: {fileID: 0}
    - target: {fileID: 400000, guid: abc00000000001539211666719923022, type: 3}
      propertyPath: m_LocalRotation.w
      value: 1
      objectReference: {fileID: 0}
    - target: {fileID: 400000, guid: abc00000000001539211666719923022, type: 3}
      propertyPath: m_LocalRotation.x
      value: 0
      objectReference: {fileID: 0}
    - target: {fileID: 400000, guid: abc00000000001539211666719923022, type: 3}
      propertyPath: m_LocalRotation.y
      value: -0
      objectReference: {fileID: 0}
    - target: {fileID: 400000, guid: abc00000000001539211666719923022, type: 3}
      propertyPath: m_LocalRotation.z
      value: -0
      objectReference: {fileID: 0}
    - target: {fileID: 400000, guid: abc00000000001539211666719923022, type: 3}
      propertyPath: m_LocalEulerAnglesHint.x
      value: 0
      objectReference: {fileID: 0}
    - target: {fileID: 400000, guid: abc00000000001539211666719923022, type: 3}
      propertyPath: m_LocalEulerAnglesHint.y
      value: 0
      objectReference: {fileID: 0}
    - target: {fileID: 400000, guid: abc00000000001539211666719923022, type: 3}
      propertyPath: m_LocalEulerAnglesHint.z
      value: 0
      objectReference: {fileID: 0}
    m_RemovedComponents: []
  m_SourcePrefab: {fileID: 100100000, guid: abc00000000001539211666719923022, type: 3}
--- !u!4 &5932065985529998940 stripped
Transform:
  m_CorrespondingSourceObject: {fileID: 400000, guid: abc00000000001539211666719923022,
    type: 3}
  m_PrefabInstance: {fileID: 5932065985530393820}
  m_PrefabAsset: {fileID: 0}
--- !u!1 &5932065985530360444 stripped
GameObject:
  m_CorrespondingSourceObject: {fileID: 100000, guid: abc00000000001539211666719923022,
    type: 3}
  m_PrefabInstance: {fileID: 5932065985530393820}
  m_PrefabAsset: {fileID: 0}
--- !u!64 &4968576170046406495
MeshCollider:
  m_ObjectHideFlags: 0
  m_CorrespondingSourceObject: {fileID: 0}
  m_PrefabInstance: {fileID: 0}
  m_PrefabAsset: {fileID: 0}
  m_GameObject: {fileID: 5932065985530360444}
  m_Material: {fileID: 0}
  m_IsTrigger: 0
  m_Enabled: 1
  serializedVersion: 4
  m_Convex: 0
  m_CookingOptions: 30
  m_Mesh: {fileID: 4300002, guid: abc00000000001539211666719923022, type: 3}
--- !u!1001 &6411107629732840585
PrefabInstance:
  m_ObjectHideFlags: 0
  serializedVersion: 2
  m_Modification:
    m_TransformParent: {fileID: 1030994771}
    m_Modifications:
    - target: {fileID: 100000, guid: abc00000000013062720984296004087, type: 3}
      propertyPath: m_Name
      value: SM_Pillar_03_Upper
      objectReference: {fileID: 0}
    - target: {fileID: 100000, guid: abc00000000013062720984296004087, type: 3}
      propertyPath: m_StaticEditorFlags
      value: 2147483647
      objectReference: {fileID: 0}
    - target: {fileID: 400000, guid: abc00000000013062720984296004087, type: 3}
      propertyPath: m_RootOrder
      value: 1
      objectReference: {fileID: 0}
    - target: {fileID: 400000, guid: abc00000000013062720984296004087, type: 3}
      propertyPath: m_LocalPosition.x
      value: -0
      objectReference: {fileID: 0}
    - target: {fileID: 400000, guid: abc00000000013062720984296004087, type: 3}
      propertyPath: m_LocalPosition.y
      value: 0
      objectReference: {fileID: 0}
    - target: {fileID: 400000, guid: abc00000000013062720984296004087, type: 3}
      propertyPath: m_LocalPosition.z
      value: 0
      objectReference: {fileID: 0}
    - target: {fileID: 400000, guid: abc00000000013062720984296004087, type: 3}
      propertyPath: m_LocalRotation.w
      value: 1
      objectReference: {fileID: 0}
    - target: {fileID: 400000, guid: abc00000000013062720984296004087, type: 3}
      propertyPath: m_LocalRotation.x
      value: 0
      objectReference: {fileID: 0}
    - target: {fileID: 400000, guid: abc00000000013062720984296004087, type: 3}
      propertyPath: m_LocalRotation.y
      value: -0
      objectReference: {fileID: 0}
    - target: {fileID: 400000, guid: abc00000000013062720984296004087, type: 3}
      propertyPath: m_LocalRotation.z
      value: -0
      objectReference: {fileID: 0}
    - target: {fileID: 400000, guid: abc00000000013062720984296004087, type: 3}
      propertyPath: m_LocalEulerAnglesHint.x
      value: 0
      objectReference: {fileID: 0}
    - target: {fileID: 400000, guid: abc00000000013062720984296004087, type: 3}
      propertyPath: m_LocalEulerAnglesHint.y
      value: 0
      objectReference: {fileID: 0}
    - target: {fileID: 400000, guid: abc00000000013062720984296004087, type: 3}
      propertyPath: m_LocalEulerAnglesHint.z
      value: 0
      objectReference: {fileID: 0}
    m_RemovedComponents: []
  m_SourcePrefab: {fileID: 100100000, guid: abc00000000013062720984296004087, type: 3}
--- !u!4 &6411107629732716041 stripped
Transform:
  m_CorrespondingSourceObject: {fileID: 400000, guid: abc00000000013062720984296004087,
    type: 3}
  m_PrefabInstance: {fileID: 6411107629732840585}
  m_PrefabAsset: {fileID: 0}
--- !u!1 &6411107629732741673 stripped
GameObject:
  m_CorrespondingSourceObject: {fileID: 100000, guid: abc00000000013062720984296004087,
    type: 3}
  m_PrefabInstance: {fileID: 6411107629732840585}
  m_PrefabAsset: {fileID: 0}
--- !u!64 &7637225448227527501
MeshCollider:
  m_ObjectHideFlags: 0
  m_CorrespondingSourceObject: {fileID: 0}
  m_PrefabInstance: {fileID: 0}
  m_PrefabAsset: {fileID: 0}
  m_GameObject: {fileID: 6411107629732741673}
  m_Material: {fileID: 0}
  m_IsTrigger: 0
  m_Enabled: 1
  serializedVersion: 4
  m_Convex: 0
  m_CookingOptions: 30
  m_Mesh: {fileID: 4300002, guid: abc00000000013062720984296004087, type: 3}
